@software{Ramos_Ferreira_MNIST_MLP_2022,
    author = {Ramos Ferreira, Lu√≠s Felipe},
    month = may,
    title = {{MNIST-MLP}},
    url = {https://github.com/lframosferreira/MNIST-MLP},
    version = {2.0.4},
    year = {2022}
}

